@article{dryer89,
  title={Large linguistic areas and language sampling},
  author={Dryer, Matthew S.},
  journal={Studies in Language. International Journal sponsored by the Foundation “Foundations of Language”},
  volume={13},
  number={2},
  pages={257--292},
  year={1989},
  publisher={John Benjamins Publishing Company}
}

@article{rijkhoff98,
  title={Language sampling},
  author={Rijkhoff, Jan and Bakker, Dik},
  journal={Linguistic typology},
  volume={2},
  number={3},
  pages={263--314},
  year={1998}
}


@book{rietveld93,
  title={Statistical techniques for the study of language and language behaviour},
  author={Rietveld, Toni and Van Hout, Roeland},
  year={1993},
  publisher={Walter de Gruyter}
}

@article{perkins89,
  title={Statistical techniques for determining language sample size},
  author={Perkins, Revere D.},
  journal={Studies in Language. International Journal sponsored by the Foundation “Foundations of Language”},
  volume={13},
  number={2},
  pages={293--315},
  year={1989},
  publisher={John Benjamins Publishing Company}
}


@book{nichols92,
  title={Linguistic diversity in space and time},
  author={Nichols, Johanna},
  year={1992},
  publisher={University of Chicago Press}
}


@article{maslova00,
  title={A dynamic approach to the verification of distributional universals},
  author={Maslova, Elena},
  journal={Linguistic Typology},
  volume={4},
  number={3},
  pages={307--333},
  year={2000},
  publisher={Walter de Gruyter, Berlin/New York}
}


@article{janssen06,
  title={Randomization tests in language typology},
  author={Janssen, Dirk P. and Bickel, Balthasar and Z{\'u}{\~n}iga, Fernando},
  year={2006},
  journal ={Linguistic Typology},
  voluem={10},
  pages = {419--40},
  publisher={Walter de Gruyter}
}


@incollection{bell78,
  author = {Bell, A.},
  booktitle={Universals of human language, vol. 4: Syntax},
  editor={Greenberg, Joseph Harold and Ferguson, Charles Albert and Moravcsik, Edith A},
  year={1978},
  title = {Language Samples},
  publisher={Stanford University Press}
}

@incollection{bakker10,
  author    = {Baker, D.},
  booktitle = {The Oxford Handbook of Linguistic Typology},
  editor    = {Song, J. J.},
  publisher = {Oxford University Press},
  title     = {Language Sampling},
 year      = {2010}
}

@incollection{robbins85,
  title={An empirical Bayes approach to statistics},
  author={Robbins, Herbert},
  booktitle={Herbert Robbins Selected Papers},
  pages={41--47},
  year={1985},
  publisher={Springer}
}

@mastersthesis{widmann01,
  author       = {Thomas Martin Widmann}, 
  title        = {Language sampling for typological studies},
  school       = {University of Aarhus},
  year         = {2001}
}

@book{efron16,
  title={Computer age statistical inference},
  author={Efron, Bradley and Hastie, Trevor},
  volume={5},
  year={2016},
  publisher={Cambridge University Press}
}
